@article{adjoint,
  title = {Differentiable Cosmological Simulation with Adjoint Method},
  author = {Li, Yin and Modi, Chirag and Jamieson, Drew and Zhang, Yucheng and Lu, Libin and Feng, Yu and Lanusse, Fran{\c c}ois and Leslie, Greengard},
  year = {2022},
  journal = {to be submitted to Astrophysical Journal Supplement Series},
  url = {https://arxiv.org/abs/2211.09815}
}

@book{Pontryagin1962,
  title={The Mathematical Theory of Optimal Processes},
  author={Pontryagin, Lev Semenovich},
  year={1962},
  publisher={CRC press}
}

@inproceedings{NeuralODE,
  title = {Neural {{Ordinary Differential Equations}}},
  booktitle = {Advances in {{Neural Information Processing Systems}} 31},
  author = {Chen, Ricky T. Q. and Rubanova, Yulia and Bettencourt, Jesse and Duvenaud, David K},
  editor = {Bengio, S. and Wallach, H. and Larochelle, H. and Grauman, K. and {Cesa-Bianchi}, N. and Garnett, R.},
  year = {2018},
  pages = {6571--6583},
  publisher = {{Curran Associates, Inc.}},
  url = {http://papers.nips.cc/paper/7892-neural-ordinary-differential-equations.pdf}
}

@inproceedings{ANODE,
  title={ANODE: Unconditionally Accurate Memory-Efficient Gradients for Neural ODEs},
  author={Gholaminejad, Amir and Keutzer, Kurt and Biros, George},
  booktitle={Proceedings of the Twenty-Eighth International Joint Conference on Artificial Intelligence, {IJCAI-19}},
  publisher={International Joint Conferences on Artificial Intelligence Organization},
  pages={730--736},
  year={2019},
  month={7},
  doi={10.24963/ijcai.2019/103},
  url={http://arxiv.org/abs/1902.10298}
}

@article{CranmerEtAl2020,
  title = {The Frontier of Simulation-Based Inference},
  author = {Cranmer, Kyle and Brehmer, Johann and Louppe, Gilles},
  year = {2020},
  month = dec,
  journal = {Proceedings of the National Academy of Sciences},
  volume = {117},
  number = {48},
  eprint = {1911.01429},
  eprinttype = {arxiv},
  primaryclass = {cs, stat},
  pages = {30055--30062},
  issn = {0027-8424, 1091-6490},
  doi = {10.1073/pnas.1912789117},
  url = {https://www.pnas.org/doi/10.1073/pnas.1912789117},
  archiveprefix = {arXiv}
}

@article{BORG-PM,
  title = {Physical {{Bayesian}} Modelling of the Non-Linear Matter Distribution: New Insights into the Nearby Universe},
  shorttitle = {Physical {{Bayesian}} Modelling of the Non-Linear Matter Distribution},
  author = {Jasche, Jens and Lavaux, Guilhem},
  year = {2019},
  month = may,
  journal = {Astronomy \& Astrophysics},
  volume = {625},
  eprint = {1806.11117},
  eprinttype = {arxiv},
  primaryclass = {astro-ph},
  pages = {A64},
  issn = {0004-6361, 1432-0746},
  doi = {10.1051/0004-6361/201833710},
  url = {https://www.aanda.org/articles/aa/abs/2019/05/aa33710-18/aa33710-18.html},
  archiveprefix = {arXiv}
}

@article{ELUCID,
  title = {{{ELUCID}} - Exploring the Local Universe with the Reconstructed Initial Density Field. {{I}}. Hamiltonian Markov Chain Monte Carlo Method with Particle Mesh Dynamics},
  author = {Wang, Huiyuan and Mo, H. J. and Yang, Xiaohu and Jing, Y. P. and Lin, W. P.},
  year = {2014},
  month = sep,
  journal = {The Astrophysical Journal},
  volume = {794},
  number = {1},
  eprint = {1407.3451},
  eprinttype = {arxiv},
  pages = {94},
  issn = {0004-637X},
  doi = {10.1088/0004-637X/794/1/94},
  url = {https://arxiv.org/abs/1407.3451},
  archiveprefix = {arXiv}
}

@article{SeljakEtAl2017,
  title = {Towards Optimal Extraction of Cosmological Information from Nonlinear Data},
  author = {Seljak, Uro{\v s} and Aslanyan, Grigor and Feng, Yu and Modi, Chirag},
  year = {2017},
  month = dec,
  journal = {Journal of Cosmology and Astroparticle Physics},
  volume = {2017},
  number = {12},
  eprint = {1706.06645},
  eprinttype = {arxiv},
  pages = {009--009},
  issn = {1475-7516},
  doi = {10.1088/1475-7516/2017/12/009},
  url = {http://arxiv.org/abs/1706.06645},
  archiveprefix = {arXiv}
}

@article{FlowPM,
  title = {{{FlowPM}}: Distributed Tensorflow Implementation of the {{FastPM}} Cosmological {{N-body}} Solver},
  shorttitle = {{{FlowPM}}},
  author = {Modi, Chirag and Lanusse, Fran{\c c}ois and Seljak, Uro{\v s}},
  year = {2021},
  month = oct,
  journal = {Astronomy and Computing},
  volume = {37},
  eprint = {2010.11847},
  eprinttype = {arxiv},
  pages = {100505},
  issn = {2213-1337},
  doi = {10.1016/j.ascom.2021.100505},
  url = {https://www.sciencedirect.com/science/article/pii/S2213133721000597},
  archiveprefix = {arXiv}
}

@inproceedings{KwanModiEtAl2022,
  title = {Emulating Cosmological Growth Functions with B-Splines},
  booktitle = {NeurIPS 2022 Machine Learning and the Physical Sciences},
  author = {Kwan, Ngai Pok and Modi, Chirag and Li, Yin and Ho, Shirley},
  year = {2022},
  eprint = {2211.06564},
  eprinttype = {arxiv},
  url = {http://arxiv.org/abs/2211.06564},
  archiveprefix = {arXiv}
}

@article{ZhangLiEtAl,
  title = {Neural and Symbolic Spatiotemporal Optimization of Cosmological Particle-Mesh Simulation},
  author = {Zhang, Yucheng and Li, Yin and Jamieson, Drew and et al.},
  year = {in prep},
}
