@article{MUSIC,
  title = {Multi-Scale Initial Conditions for Cosmological Simulations},
  author = {Hahn, Oliver and Abel, Tom},
  year = {2011},
  month = aug,
  journal = {Monthly Notices of the Royal Astronomical Society},
  volume = {415},
  number = {3},
  eprint = {1103.6031},
  primaryclass = {astro-ph},
  pages = {2101--2121},
  issn = {0035-8711},
  doi = {10.1111/j.1365-2966.2011.18820.x},
  url = {https://doi.org/10.1111/j.1365-2966.2011.18820.x},
  archiveprefix = {arxiv}
}

@article{COLA,
  title = {Solving Large Scale Structure in Ten Easy Steps with {{COLA}}},
  author = {Tassev, Svetlin and Zaldarriaga, Matias and Eisenstein, Daniel J.},
  year = {2013},
  month = jun,
  journal = {Journal of Cosmology and Astroparticle Physics},
  volume = {2013},
  number = {06},
  eprint = {1301.0322},
  primaryclass = {astro-ph},
  pages = {036--036},
  issn = {1475-7516},
  doi = {10.1088/1475-7516/2013/06/036},
  url = {https://doi.org/10.1088/1475-7516/2013/06/036},
  archiveprefix = {arxiv}
}

@misc{sCOLA,
  title = {{{sCOLA}}: The {{N-body COLA}} Method Extended to the Spatial Domain},
  shorttitle = {{{sCOLA}}},
  author = {Tassev, Svetlin and Eisenstein, Daniel J. and Wandelt, Benjamin D. and Zaldarriaga, Matias},
  year = {2015},
  month = feb,
  number = {arXiv:1502.07751},
  eprint = {arXiv:1502.07751},
  publisher = {{arXiv}},
  doi = {10.48550/arXiv.1502.07751},
  url = {http://arxiv.org/abs/1502.07751},
  archiveprefix = {arxiv}
}

@article{LeclercqEtAl2020,
  title = {Perfectly Parallel Cosmological Simulations Using Spatial Comoving {{Lagrangian}} Acceleration},
  author = {Leclercq, Florent and Faure, Baptiste and Lavaux, Guilhem and Wandelt, Benjamin D. and Jaffe, Andrew H. and Heavens, Alan F. and Percival, Will J. and No{\^u}s, Camille},
  year = {2020},
  month = jul,
  journal = {Astronomy \& Astrophysics},
  volume = {639},
  eprint = {2003.04925},
  primaryclass = {astro-ph},
  pages = {A91},
  issn = {0004-6361, 1432-0746},
  doi = {10.1051/0004-6361/202037995},
  url = {http://arxiv.org/abs/2003.04925},
  archiveprefix = {arxiv}
}

@article{adjoint,
  title = {Differentiable Cosmological Simulation with Adjoint Method},
  author = {Li, Yin and Modi, Chirag and Jamieson, Drew and Zhang, Yucheng and Lu, Libin and Feng, Yu and Lanusse, Fran{\c c}ois and Leslie, Greengard},
  year = {2022},
  journal = {to be submitted to Astrophysical Journal Supplement Series},
  url = {https://arxiv.org/abs/2211.09815}
}

@article{pmwd,
  title = {\pmwd: A Differentiable Cosmological Particle-Mesh {{N-body}} Library},
  author = {Li, Yin and Lu, Libin and Modi, Chirag and Jamieson, Drew and Zhang, Yucheng and Feng, Yu and Zhou, Wenda and Kwan, Ngai Pok and Lanusse, Fran{\c c}ois and Leslie, Greengard},
  year = {2022},
  journal = {to be submitted to Journal of Open Source Software},
  url = {https://arxiv.org/abs/2211.09958}
}

@misc{JAX,
  title = {{{JAX}}: {{Composable Transformations}} of {{Python}}+{{Numpy Programs}}: {{Differentiate}}, {{Vectorize}}, {{JIT}} to {{GPU}}/{{TPU}}, and {{More}}},
  author = {Bradbury, James and Frostig, Roy and Hawkins, Peter and Johnson, Matthew James and Leary, Chris and Maclaurin, Dougal and Necula, George and Paszke, Adam and VanderPlas, Jake and {Wanderman-Milne}, Skye and Zhang, Qiao},
  year = {2018},
  url = {http://github.com/google/jax}
}

@article{NumPy,
  title = {Array Programming with {{NumPy}}},
  author = {Harris, Charles R. and Millman, K. Jarrod and {van der Walt}, St{\'e}fan J. and Gommers, Ralf and Virtanen, Pauli and Cournapeau, David and Wieser, Eric and Taylor, Julian and Berg, Sebastian and Smith, Nathaniel J. and Kern, Robert and Picus, Matti and Hoyer, Stephan and {van Kerkwijk}, Marten H. and Brett, Matthew and Haldane, Allan and {del R{\'i}o}, Jaime Fern{\'a}ndez and Wiebe, Mark and Peterson, Pearu and {G{\'e}rard-Marchant}, Pierre and Sheppard, Kevin and Reddy, Tyler and Weckesser, Warren and Abbasi, Hameer and Gohlke, Christoph and Oliphant, Travis E.},
  year = {2020},
  month = sep,
  journal = {Nature},
  volume = {585},
  number = {7825},
  pages = {357--362},
  publisher = {{Nature Publishing Group}},
  issn = {1476-4687},
  doi = {10.1038/s41586-020-2649-2},
  url = {https://www.nature.com/articles/s41586-020-2649-2},
}

@article{SciPy,
  title = {{{SciPy}} 1.0: {{Fundamental Algorithms}} for {{Scientific Computing}} in {{Python}}},
  shorttitle = {{{SciPy}} 1.0},
  author = {Virtanen, Pauli and Gommers, Ralf and Oliphant, Travis E. and Haberland, Matt and Reddy, Tyler and Cournapeau, David and Burovski, Evgeni and Peterson, Pearu and Weckesser, Warren and Bright, Jonathan and {van der Walt}, St{\'e}fan J. and Brett, Matthew and Wilson, Joshua and Millman, K. Jarrod and Mayorov, Nikolay and Nelson, Andrew R. J. and Jones, Eric and Kern, Robert and Larson, Eric and Carey, C. J. and Polat, {\.I}lhan and Feng, Yu and Moore, Eric W. and VanderPlas, Jake and Laxalde, Denis and Perktold, Josef and Cimrman, Robert and Henriksen, Ian and Quintero, E. A. and Harris, Charles R. and Archibald, Anne M. and Ribeiro, Ant{\^o}nio H. and Pedregosa, Fabian and {van Mulbregt}, Paul},
  year = {2020},
  month = mar,
  journal = {Nature Methods},
  volume = {17},
  number = {3},
  pages = {261--272},
  publisher = {{Nature Publishing Group}},
  issn = {1548-7105},
  doi = {10.1038/s41592-019-0686-2},
  url = {https://www.nature.com/articles/s41592-019-0686-2}
}

@article{matplotlib,
  title = {Matplotlib: A {{2D}} Graphics Environment},
  shorttitle = {Matplotlib},
  author = {Hunter, John D.},
  year = {2007},
  month = may,
  journal = {Computing in Science \& Engineering},
  volume = {9},
  number = {3},
  pages = {90--95},
  publisher = {{IEEE COMPUTER SOC}},
  issn = {1558-366X},
  doi = {10.1109/MCSE.2007.55}
}

@book{Pontryagin1962,
  title={The Mathematical Theory of Optimal Processes},
  author={Pontryagin, Lev Semenovich},
  year={1962},
  publisher={CRC press}
}

@book{HockneyEastwood1988,
  title = {Computer Simulation Using Particles},
  author = {Hockney, Roger W. and Eastwood, James W.},
  year = {1988},
  publisher = {{Taylor \& Francis, Inc.}},
  address = {{USA}},
  isbn = {978-0-85274-392-8},
  lccn = {QA76.9.C65 H63 1988}
}

@article{AnguloHahn2022,
  title = {Large-Scale Dark Matter Simulations},
  author = {Angulo, Raul E. and Hahn, Oliver},
  year = {2022},
  month = feb,
  journal = {Living Reviews in Computational Astrophysics},
  volume = {8},
  number = {1},
  eprint = {2112.05165},
  eprinttype = {arxiv},
  primaryclass = {astro-ph},
  pages = {1},
  issn = {2367-3621, 2365-0524},
  doi = {10.1007/s41115-021-00013-z},
  url = {https://doi.org/10.1007/s41115-021-00013-z},
  archiveprefix = {arXiv}
}

@article{CranmerEtAl2020,
  title = {The Frontier of Simulation-Based Inference},
  author = {Cranmer, Kyle and Brehmer, Johann and Louppe, Gilles},
  year = {2020},
  month = dec,
  journal = {Proceedings of the National Academy of Sciences},
  volume = {117},
  number = {48},
  eprint = {1911.01429},
  eprinttype = {arxiv},
  primaryclass = {cs, stat},
  pages = {30055--30062},
  issn = {0027-8424, 1091-6490},
  doi = {10.1073/pnas.1912789117},
  url = {https://www.pnas.org/doi/10.1073/pnas.1912789117},
  archiveprefix = {arXiv}
}

@article{BouchetEtAl1995,
  title = {Perturbative Lagrangian Approach to Gravitational Instability},
  author = {Bouchet, Fran{\c c}ois R. and Colombi, St{\'e}phane and Hivon, Eric and Juszkiewicz, Roman},
  year = {1995},
  month = apr,
  journal = {Astronomy and Astrophysics},
  volume = {296},
  eprint = {astro-ph/9406013},
  eprinttype = {arxiv},
  pages = {575},
  issn = {0004-6361},
  url = {https://ui.adsabs.harvard.edu/abs/1995A&A...296..575B/abstract},
  archiveprefix = {arXiv}
}

@article{ZhangLiEtAl,
  title = {Neural and Symbolic Spatiotemporal Optimization of Cosmological Particle-Mesh Simulation},
  author = {Zhang, Yucheng and Li, Yin and Jamieson, Drew and et al.},
  year = {in prep},
}
