@article{GADGET-4,
  title = {Simulating Cosmic Structure Formation with the {{GADGET-4}} Code},
  author = {Springel, Volker and Pakmor, R{\"u}diger and Zier, Oliver and Reinecke, Martin},
  year = {2021},
  month = jul,
  journal = {Monthly Notices of the Royal Astronomical Society},
  volume = {506},
  number = {2},
  eprint = {2010.03567},
  eprinttype = {arxiv},
  pages = {2871--2949},
  issn = {0035-8711, 1365-2966},
  doi = {10.1093/mnras/stab1855},
  url = {http://arxiv.org/abs/2010.03567},
  archiveprefix = {arXiv}
}

@article{LiEtAl2014a,
  title = {Super-{{Sample Covariance}} in {{Simulations}}},
  author = {Li, Yin and Hu, Wayne and Takada, Masahiro},
  year = {2014},
  month = apr,
  journal = {Physical Review D},
  volume = {89},
  number = {8},
  eprint = {1401.0385},
  eprinttype = {arxiv},
  pages = {083519},
  issn = {1550-7998, 1550-2368},
  doi = {10.1103/PhysRevD.89.083519},
  url = {https://link.aps.org/doi/10.1103/PhysRevD.89.083519},
  archiveprefix = {arXiv}
}

@article{WagnerEtAl2015,
  title = {Separate Universe Simulations},
  author = {Wagner, Christian and Schmidt, Fabian and Chiang, Chi-Ting and Komatsu, Eiichiro},
  year = {2015},
  month = mar,
  journal = {Monthly Notices of the Royal Astronomical Society: Letters},
  volume = {448},
  number = {1},
  eprint = {1409.6294},
  eprinttype = {arxiv},
  primaryclass = {astro-ph},
  pages = {L11-L15},
  issn = {1745-3933, 1745-3925},
  doi = {10.1093/mnrasl/slu187},
  url = {https://doi.org/10.1093/mnrasl/slu187},
  archiveprefix = {arXiv}
}

@article{Sobol1967,
  title={On the Distribution of Points in a Cube and the Approximate Evaluation of Integrals},
  author={Sobol', Il'ya Meerovich},
  journal={Zhurnal Vychislitel'noi Matematiki i Matematicheskoi Fiziki},
  volume={7},
  number={4},
  pages={784--802},
  year={1967},
  publisher={Russian Academy of Sciences, Branch of Mathematical Sciences}
}

@article{JoeKuo2008,
  title={Constructing Sobol Sequences with Better Two-Dimensional Projections},
  author={Joe, Stephen and Kuo, Frances Y},
  journal={SIAM Journal on Scientific Computing},
  volume={30},
  number={5},
  pages={2635--2654},
  year={2008},
  publisher={SIAM}
}

@article{Owen1998,
  title={Scrambling Sobol'and Niederreiter--Xing Points},
  author={Owen, Art B},
  journal={Journal of complexity},
  volume={14},
  number={4},
  pages={466--489},
  year={1998},
  publisher={Elsevier}
}

@article{Zhou2013MD,
  title={Mixture Discrepancy for Quasi-Random Point Sets},
  author={Zhou, Yong-Dao and Fang, Kai-Tai and Ning, Jian-Hui},
  journal={Journal of Complexity},
  volume={29},
  number={3-4},
  pages={283--301},
  year={2013},
  publisher={Elsevier}
}

@article{SciPy,
  title = {{{SciPy}} 1.0: {{Fundamental Algorithms}} for {{Scientific Computing}} in {{Python}}},
  shorttitle = {{{SciPy}} 1.0},
  author = {Virtanen, Pauli and Gommers, Ralf and Oliphant, Travis E. and Haberland, Matt and Reddy, Tyler and Cournapeau, David and Burovski, Evgeni and Peterson, Pearu and Weckesser, Warren and Bright, Jonathan and {van der Walt}, St{\'e}fan J. and Brett, Matthew and Wilson, Joshua and Millman, K. Jarrod and Mayorov, Nikolay and Nelson, Andrew R. J. and Jones, Eric and Kern, Robert and Larson, Eric and Carey, C. J. and Polat, {\.I}lhan and Feng, Yu and Moore, Eric W. and VanderPlas, Jake and Laxalde, Denis and Perktold, Josef and Cimrman, Robert and Henriksen, Ian and Quintero, E. A. and Harris, Charles R. and Archibald, Anne M. and Ribeiro, Ant{\^o}nio H. and Pedregosa, Fabian and {van Mulbregt}, Paul},
  year = {2020},
  month = mar,
  journal = {Nature Methods},
  volume = {17},
  number = {3},
  pages = {261--272},
  publisher = {{Nature Publishing Group}},
  issn = {1548-7105},
  doi = {10.1038/s41592-019-0686-2},
  url = {https://www.nature.com/articles/s41592-019-0686-2}
}
