@article{adjoint,
  title = {Differentiable Cosmological Simulation with Adjoint Method},
  author = {Li, Yin and Modi, Chirag and Jamieson, Drew and Zhang, Yucheng and Lu, Libin and Feng, Yu and Lanusse, Fran{\c c}ois and Leslie, Greengard},
  year = {2022},
  journal = {to be submitted to Astrophysical Journal Supplement Series},
  url = {https://arxiv.org/abs/2211.09815}
}

@article{pmwd,
  title = {\pmwd: A Differentiable Cosmological Particle-Mesh {{N-body}} Library},
  author = {Li, Yin and Lu, Libin and Modi, Chirag and Jamieson, Drew and Zhang, Yucheng and Feng, Yu and Zhou, Wenda and Kwan, Ngai Pok and Lanusse, Fran{\c c}ois and Leslie, Greengard},
  year = {2022},
  journal = {to be submitted to Journal of Open Source Software},
  url = {https://arxiv.org/abs/2211.09958}
}

@article{ZhangLiEtAl,
  title = {Spatiotemporal Optimization of Cosmological Particle-Mesh Simulation},
  author = {Zhang, Yucheng and Li, Yin and Jamieson, Drew and et al.},
  year = {in prep},
}

@misc{JAX,
  title = {{{JAX}}: {{Composable Transformations}} of {{Python}}+{{Numpy Programs}}: {{Differentiate}}, {{Vectorize}}, {{JIT}} to {{GPU}}/{{TPU}}, and {{More}}},
  author = {Bradbury, James and Frostig, Roy and Hawkins, Peter and Johnson, Matthew James and Leary, Chris and Maclaurin, Dougal and Necula, George and Paszke, Adam and VanderPlas, Jake and {Wanderman-Milne}, Skye and Zhang, Qiao},
  year = {2018},
  url = {http://github.com/google/jax}
}

@article{NumPy,
  title = {Array Programming with {{NumPy}}},
  author = {Harris, Charles R. and Millman, K. Jarrod and {van der Walt}, St{\'e}fan J. and Gommers, Ralf and Virtanen, Pauli and Cournapeau, David and Wieser, Eric and Taylor, Julian and Berg, Sebastian and Smith, Nathaniel J. and Kern, Robert and Picus, Matti and Hoyer, Stephan and {van Kerkwijk}, Marten H. and Brett, Matthew and Haldane, Allan and {del R{\'i}o}, Jaime Fern{\'a}ndez and Wiebe, Mark and Peterson, Pearu and {G{\'e}rard-Marchant}, Pierre and Sheppard, Kevin and Reddy, Tyler and Weckesser, Warren and Abbasi, Hameer and Gohlke, Christoph and Oliphant, Travis E.},
  year = {2020},
  month = sep,
  journal = {Nature},
  volume = {585},
  number = {7825},
  pages = {357--362},
  publisher = {{Nature Publishing Group}},
  issn = {1476-4687},
  doi = {10.1038/s41586-020-2649-2},
  url = {https://www.nature.com/articles/s41586-020-2649-2},
}

@article{SciPy,
  title = {{{SciPy}} 1.0: {{Fundamental Algorithms}} for {{Scientific Computing}} in {{Python}}},
  shorttitle = {{{SciPy}} 1.0},
  author = {Virtanen, Pauli and Gommers, Ralf and Oliphant, Travis E. and Haberland, Matt and Reddy, Tyler and Cournapeau, David and Burovski, Evgeni and Peterson, Pearu and Weckesser, Warren and Bright, Jonathan and {van der Walt}, St{\'e}fan J. and Brett, Matthew and Wilson, Joshua and Millman, K. Jarrod and Mayorov, Nikolay and Nelson, Andrew R. J. and Jones, Eric and Kern, Robert and Larson, Eric and Carey, C. J. and Polat, {\.I}lhan and Feng, Yu and Moore, Eric W. and VanderPlas, Jake and Laxalde, Denis and Perktold, Josef and Cimrman, Robert and Henriksen, Ian and Quintero, E. A. and Harris, Charles R. and Archibald, Anne M. and Ribeiro, Ant{\^o}nio H. and Pedregosa, Fabian and {van Mulbregt}, Paul},
  year = {2020},
  month = mar,
  journal = {Nature Methods},
  volume = {17},
  number = {3},
  pages = {261--272},
  publisher = {{Nature Publishing Group}},
  issn = {1548-7105},
  doi = {10.1038/s41592-019-0686-2},
  url = {https://www.nature.com/articles/s41592-019-0686-2}
}

@article{matplotlib,
  title = {Matplotlib: A {{2D}} Graphics Environment},
  shorttitle = {Matplotlib},
  author = {Hunter, John D.},
  year = {2007},
  month = may,
  journal = {Computing in Science \& Engineering},
  volume = {9},
  number = {3},
  pages = {90--95},
  publisher = {{IEEE COMPUTER SOC}},
  issn = {1558-366X},
  doi = {10.1109/MCSE.2007.55}
}

@book{HockneyEastwood1988,
  title = {Computer Simulation Using Particles},
  author = {Hockney, Roger W. and Eastwood, James W.},
  year = {1988},
  publisher = {{Taylor \& Francis, Inc.}},
  address = {{USA}},
  isbn = {978-0-85274-392-8},
  lccn = {QA76.9.C65 H63 1988}
}

@article{AnguloHahn2022,
  title = {Large-Scale Dark Matter Simulations},
  author = {Angulo, Raul E. and Hahn, Oliver},
  year = {2022},
  month = feb,
  journal = {Living Reviews in Computational Astrophysics},
  volume = {8},
  number = {1},
  eprint = {2112.05165},
  eprinttype = {arxiv},
  primaryclass = {astro-ph},
  pages = {1},
  issn = {2367-3621, 2365-0524},
  doi = {10.1007/s41115-021-00013-z},
  url = {https://doi.org/10.1007/s41115-021-00013-z},
  archiveprefix = {arXiv}
}

@article{GADGET-4,
  title = {Simulating Cosmic Structure Formation with the {{GADGET-4}} Code},
  author = {Springel, Volker and Pakmor, R{\"u}diger and Zier, Oliver and Reinecke, Martin},
  year = {2021},
  month = jul,
  journal = {Monthly Notices of the Royal Astronomical Society},
  volume = {506},
  number = {2},
  eprint = {2010.03567},
  eprinttype = {arxiv},
  pages = {2871--2949},
  issn = {0035-8711, 1365-2966},
  doi = {10.1093/mnras/stab1855},
  url = {http://arxiv.org/abs/2010.03567},
  archiveprefix = {arXiv}
}

@article{HACC,
  title={HACC: Simulating Sky Surveys on State-of-the-Art Supercomputing Architectures},
  author={Habib, Salman and Pope, Adrian and Finkel, Hal and Frontiere, Nicholas and Heitmann, Katrin and Daniel, David and Fasel, Patricia and Morozov, Vitali and Zagaris, George and Peterka, Tom and others},
  journal={New Astronomy},
  volume={42},
  pages={49--65},
  year={2016},
  publisher={Elsevier}
}

@article{PKDGRAV3,
  title = {{{PKDGRAV3}}: {{Beyond Trillion Particle Cosmological Simulations}} for the {{Next Era}} of {{Galaxy Surveys}}},
  shorttitle = {Pkdgrav3},
  author = {Potter, Douglas and Stadel, Joachim and Teyssier, Romain},
  year = {2017},
  month = may,
  journal = {Computational Astrophysics and Cosmology},
  volume = {4},
  number = {1},
  issn = {2197-7909},
  doi = {10.1186/s40668-017-0021-1},
  url = {https://doi.org/10.1186/s40668-017-0021-1}
}

@article{ABACUS,
  title = {The {{ABACUS}} Cosmological {{N-body}} Code},
  author = {Garrison, Lehman H. and Eisenstein, Daniel J. and Ferrer, Douglas and Maksimova, Nina A. and Pinto, Philip A.},
  year = {2021},
  month = sep,
  journal = {Monthly Notices of the Royal Astronomical Society},
  volume = {508},
  number = {1},
  eprint = {2110.11392},
  eprinttype = {arxiv},
  pages = {575--596},
  issn = {0035-8711, 1365-2966},
  doi = {10.1093/mnras/stab2482},
  url = {http://arxiv.org/abs/2110.11392},
  archiveprefix = {arXiv}
}
